@article{EXAMPLE,
    author  = "George D. Greenwade",
    title   = "The {C}omprehensive {T}ex {A}rchive {N}etwork ({CTAN})",
    year    = "1993",
    journal = "TUGBoat",
    volume  = "14",
    number  = "3",
    pages   = "342--351"
}

@article{elder02,
  title = {Modeling Elasticity in Crystal Growth},
  author = {Elder, K. R. and Katakowski, M. and Haataja, M. and Grant, M.},
  journal = {Phys. Rev. Lett.},
  volume = {88},
  issue = {24},
  pages = {245701},
  numpages = {4},
  year = {2002},
  month = {Jun},
  publisher = {American Physical Society},
  doi = {10.1103/PhysRevLett.88.245701},
  url = {https://link.aps.org/doi/10.1103/PhysRevLett.88.245701}
}

@article{provatas07,
  title = {Phase-field crystal modeling and classical density functional theory of freezing},
  author = {Elder, K. R. and Provatas, N. and Berry, J. and Stefanovic, P. and Grant, M.},
  journal = {Phys. Rev. B},
  volume = {75},
  issue = {6},
  pages = {064107},
  numpages = {14},
  year = {2007},
  month = {Feb},
  publisher = {American Physical Society},
  doi = {10.1103/PhysRevB.75.064107},
  url = {https://link.aps.org/doi/10.1103/PhysRevB.75.064107}
}

@article{hohenberg77,
  title = {Theory of dynamic critical phenomena},
  author = {Hohenberg, P. C. and Halperin, B. I.},
  journal = {Rev. Mod. Phys.},
  volume = {49},
  issue = {3},
  pages = {435--479},
  numpages = {0},
  year = {1977},
  month = {Jul},
  publisher = {American Physical Society},
  doi = {10.1103/RevModPhys.49.435},
  url = {https://link.aps.org/doi/10.1103/RevModPhys.49.435}
}

@book{provatas_PFC, title={Phase-Field Methods in Material Science and Engineering}, author={Provatas, N. and Elder, K.}, publisher="Wiley-VCH"}

@book{huang_statmech, title={Statistical Mechanics}, author={Huang, K.}, publisher="Jon Wiley and Sons", year={1987}}

@article{ramakrishnan79,
  title = {First-principles order-parameter theory of freezing},
  author = {Ramakrishnan, T. V. and Yussouff, M.},
  journal = {Phys. Rev. B},
  volume = {19},
  issue = {5},
  pages = {2775--2794},
  numpages = {0},
  year = {1979},
  month = {Mar},
  publisher = {American Physical Society},
  doi = {10.1103/PhysRevB.19.2775},
  url = {https://link.aps.org/doi/10.1103/PhysRevB.19.2775}
}

@article{elder08,
  title = {Melting at dislocations and grain boundaries: A phase field crystal study},
  author = {Berry, J. and Elder, K. R. and Grant, M.},
  journal = {Phys. Rev. B},
  volume = {77},
  issue = {22},
  pages = {224114},
  numpages = {5},
  year = {2008},
  month = {Jun},
  publisher = {American Physical Society},
  doi = {10.1103/PhysRevB.77.224114},
  url = {https://link.aps.org/doi/10.1103/PhysRevB.77.224114}
}


  	
@article{grant08,
  author={P. F. Tupper and M. Grant},
  title={Phase field crystals as a coarse-graining in time of molecular dynamics},
  journal={EPL (Europhysics Letters)},
  volume={81},
  number={4},
  pages={40007},
  url={http://stacks.iop.org/0295-5075/81/i=4/a=40007},
  year={2008},
  abstract={Phase field crystals (PFC) are a tool for simulating materials at the atomic level. They combine the small length scale resolution of molecular dynamics (MD) with the ability to simulate dynamics on mesoscopic time scales. We show how PFC can be interpreted as the result of applying coarse-graining in time to the microscopic density field of molecular-dynamics simulations. We take the form of the free energy for the phase field from the classical density functional theory of inhomogeneous liquids and then choose coefficients to match the structure factor of the time coarse-grained microscopic density field. As an example, we show how to construct a PFC free energy for Weber and Stillinger's two-dimensional square crystal potential which models a system of proteins suspended in a membrane.}
}
	
@book{lupis_materials, title={Chemical Thermodynamics of Materials}, author={Lupis, C. H. P.}, publisher="Elsevier Science Publishing Co., Inc.", year={1983}}

@book{chaikin_condensed, title={Principles of condensed matter physics}, author={P. M. Chaikin and T. C. Lubensky}, publisher="Cambridge University Press", year={1995}}

@book{sancho_noise, title={Noise in Spatially Extended Systems}, author={J. Garcia-Ojalvo and J. M. Sancho}, publisher="Springer", year={1999}}

@article{kocher16,
  title = {Incorporating Noise Quantitatively in the Phase Field Crystal Model via Capillary Fluctuation Theory},
  author = {Kocher, G. and Ofori-Opoku, N. and Provatas, N.},
  journal = {Phys. Rev. Lett.},
  volume = {117},
  issue = {22},
  pages = {220601},
  numpages = {5},
  year = {2016},
  month = {Nov},
  publisher = {American Physical Society},
  doi = {10.1103/PhysRevLett.117.220601},
  url = {https://link.aps.org/doi/10.1103/PhysRevLett.117.220601}
}

@book{gardiner_stochastic, title={Handbook of Stochastic Methods}, author={C. W. Gardiner}, publisher="Springer", year={2004}}

@book{hoyt_phasetransf, title={Phase Transformations}, author={J. J. Hoyt}, publisher="Cambridge University Press", year={2001}}

@article{kolpas07,
author = {Kolpas, A. and Moehlis, J. and Kevrekidis, I. G.}, 
title = {Coarse-grained analysis of stochasticity-induced switching between collective motion states},
volume = {104}, 
number = {14}, 
pages = {5931-5935}, 
year = {2007}, 
doi = {10.1073/pnas.0608270104}, 
URL = {http://www.pnas.org/content/104/14/5931.abstract}, 
eprint = {http://www.pnas.org/content/104/14/5931.full.pdf}, 
journal = {Proceedings of the National Academy of Sciences} 
}


  	
@article{dantzig12,
  author={B. Radhakrishnan and S. B. Gorti and D. M. Nicholson and J. Dantzig},
  title={Comparison of Phase Field Crystal and Molecular Dynamics Simulations for a Shrinking Grain},
  journal={Journal of Physics: Conference Series},
  volume={402},
  number={1},
  pages={012043},
  url={http://stacks.iop.org/1742-6596/402/i=1/a=012043},
  year={2012}
}
	

@article{hohenberg77-2,
  title = {Hydrodynamic fluctuations at the convective instability},
  author = {Swift, J. and Hohenberg, P. C.},
  journal = {Phys. Rev. A},
  volume = {15},
  issue = {1},
  pages = {319--328},
  numpages = {0},
  year = {1977},
  month = {Jan},
  publisher = {American Physical Society},
  doi = {10.1103/PhysRevA.15.319},
  url = {https://link.aps.org/doi/10.1103/PhysRevA.15.319}
}

@article{mandel70,
author = {F. Mandel and R. J. Bearman and M. Y. Bearman},
title = {Numerical Solutions of the {Percus-Yevick} Equation for the {Lennard-Jones} (6-12) and Hard-Sphere Potentials},
journal = {The Journal of Chemical Physics},
volume = {52},
number = {7},
pages = {3315-3323},
year = {1970},
doi = {10.1063/1.1673491},
URL = { http://aip.scitation.org/doi/abs/10.1063/1.1673491}
}


@article{singer08,
  author={I Singer-Loginova and H M Singer},
  title={The phase field technique for modeling multiphase materials},
  journal={Reports on Progress in Physics},
  volume={71},
  number={10},
  pages={106501},
  url={http://stacks.iop.org/0034-4885/71/i=10/a=106501},
  year={2008},
}

@article{hu2001,
title = "A phase-field model for evolving microstructures with strong elastic inhomogeneity ",
journal = "Acta Materialia ",
volume = "49",
number = "11",
pages = "1879 - 1890",
year = "2001",
note = "",
issn = "1359-6454",
doi = "https://doi.org/10.1016/S1359-6454(01)00118-5",
url = "http://www.sciencedirect.com/science/article/pii/S1359645401001185",
author = "S. Y. Hu and L. Q. Chen",
keywords = "Diffusion, interface",
keywords = "Microstructure",
keywords = "Phase field",
keywords = "Elastic "
}

@article{oforiopoku2010,
title = "A quantitative multi-phase field model of polycrystalline alloy solidification ",
journal = "Acta Materialia ",
volume = "58",
number = "6",
pages = "2155 - 2164",
year = "2010",
note = "",
issn = "1359-6454",
doi = "https://doi.org/10.1016/j.actamat.2009.12.001",
url = "http://www.sciencedirect.com/science/article/pii/S1359645409008350",
author = "N. Ofori-Opoku and N. Provatas",
keywords = "Solidification",
keywords = "Dendritic growth",
keywords = "Phase field modeling "
}


@article{provatas98,
  title = {Efficient Computation of Dendritic Microstructures Using Adaptive Mesh Refinement},
  author = {Provatas, N. and Goldenfeld, N. and Dantzig, J.},
  journal = {Phys. Rev. Lett.},
  volume = {80},
  issue = {15},
  pages = {3308--3311},
  numpages = {0},
  year = {1998},
  month = {Apr},
  publisher = {American Physical Society},
  doi = {10.1103/PhysRevLett.80.3308},
  url = {https://link.aps.org/doi/10.1103/PhysRevLett.80.3308}
}


@article{elder01,
  title = {Sharp interface limits of phase-field models},
  author = {Elder, K. R. and Grant, M. and Provatas, N. and Kosterlitz, J. M.},
  journal = {Phys. Rev. E},
  volume = {64},
  issue = {2},
  pages = {021604},
  numpages = {18},
  year = {2001},
  month = {Jul},
  publisher = {American Physical Society},
  doi = {10.1103/PhysRevE.64.021604},
  url = {https://link.aps.org/doi/10.1103/PhysRevE.64.021604}
}


@article{kim99,
  title = {Universal dynamics of phase-field models for dendritic growth},
  author = {Kim, Y. and Provatas, N. and Goldenfeld, N. and Dantzig, J.},
  journal = {Phys. Rev. E},
  volume = {59},
  issue = {3},
  pages = {R2546--R2549},
  numpages = {0},
  year = {1999},
  month = {Mar},
  publisher = {American Physical Society},
  doi = {10.1103/PhysRevE.59.R2546},
  url = {https://link.aps.org/doi/10.1103/PhysRevE.59.R2546}
}


@Article{li17,
author={Li, Y.
and Hu, S.
and Sun, X.
and Stan, M.},
title={A review: applications of the phase field method in predicting microstructure and property evolution of irradiated nuclear materials},
journal={npj Computational Materials},
year={2017},
volume={3},
number={1},
pages={16},
issn={2057-3960},
doi={10.1038/s41524-017-0018-y},
url={http://dx.doi.org/10.1038/s41524-017-0018-y}
}


@ARTICLE{karma01,
   author = {{Karma}, A. and {Kessler}, D.~A. and {Levine}, H.},
    title = "{Phase-Field Model of Mode III Dynamic Fracture}",
  journal = {Physical Review Letters},
   eprint = {cond-mat/0105034},
     year = 2001,
    month = jul,
   volume = 87,
   number = 4,
      eid = {045501},
    pages = {045501},
      doi = {10.1103/PhysRevLett.87.045501},
   adsurl = {http://adsabs.harvard.edu/abs/2001PhRvL..87d5501K},
  adsnote = {Provided by the SAO/NASA Astrophysics Data System}
}


@article{karma01_2,
  title = {Phase-Field Formulation for Quantitative Modeling of Alloy Solidification},
  author = {Karma, A.},
  journal = {Phys. Rev. Lett.},
  volume = {87},
  issue = {11},
  pages = {115701},
  numpages = {4},
  year = {2001},
  month = {Aug},
  publisher = {American Physical Society},
  doi = {10.1103/PhysRevLett.87.115701},
  url = {https://link.aps.org/doi/10.1103/PhysRevLett.87.115701}
}



@article{ozgen04,
title = "Molecular dynamics simulation of solidification kinetics of aluminium using Sutton-Chen version of {EAM} ",
journal = "Materials Letters ",
volume = "58",
number = "6",
pages = "1071 - 1075",
year = "2004",
note = "",
issn = "0167-577X",
doi = "https://doi.org/10.1016/j.matlet.2003.08.019",
url = "http://www.sciencedirect.com/science/article/pii/S0167577X03006797",
author = "S. Ozgen and E. Duruk",
keywords = "Molecular dynamics simulation",
keywords = "Embedded atom method",
keywords = "Amorphous phases",
keywords = "Solidification "
}


@article{tian08,
title = "Molecular dynamics simulation for cooling rate dependence of solidification microstructures of silver ",
journal = "Journal of Non-Crystalline Solids ",
volume = "354",
number = "31",
pages = "3705 - 3712",
year = "2008",
note = "",
issn = "0022-3093",
doi = "https://doi.org/10.1016/j.jnoncrysol.2008.04.006",
url = "http://www.sciencedirect.com/science/article/pii/S0022309308002305",
author = "Z. Tian and R. Liu and H. Liu and C. Zheng and Z. Hou and P. Peng",
keywords = "Amorphous metals",
keywords = "metallic glasses",
keywords = "Liquid alloys and liquid metals",
keywords = "Molecular dynamics "
}


@article{hoyt01,
  title = {Method for Computing the Anisotropy of the Solid-Liquid Interfacial Free Energy},
  author = {Hoyt, J. J. and Asta, M. and Karma, A.},
  journal = {Phys. Rev. Lett.},
  volume = {86},
  issue = {24},
  pages = {5530--5533},
  numpages = {0},
  year = {2001},
  month = {Jun},
  publisher = {American Physical Society},
  doi = {10.1103/PhysRevLett.86.5530},
  url = {https://link.aps.org/doi/10.1103/PhysRevLett.86.5530}
}

@book{rapaport_md, title={The Art of Molecular Dynamics Simulation}, author={D. C. Rapaport}, publisher="Cambridge University Press", year={2004}}


@article{emmerich12,
author = { H. Emmerich and H. Lowen and R. Wittkowski and T. Gruhn and G. I. Toth and G. Tegze and L. Granasy },
title = {Phase-field-crystal models for condensed matter dynamics on atomic length and diffusive time scales: an overview},
journal = {Advances in Physics},
volume = {61},
number = {6},
pages = {665-743},
year = {2012},
doi = {10.1080/00018732.2012.737555},
}


@article{steinbach06,
title = "Multi phase field model for solid state transformation with elastic strain ",
journal = "Physica D: Nonlinear Phenomena ",
volume = "217",
number = "2",
pages = "153 - 160",
year = "2006",
note = "",
issn = "0167-2789",
doi = "https://doi.org/10.1016/j.physd.2006.04.001",
url = "http://www.sciencedirect.com/science/article/pii/S0167278906001205",
author = "I. Steinbach and M. Apel",
keywords = "Phase field models",
keywords = "Solid state transformation",
keywords = "Elasticity",
keywords = "Simulation "
}

@article{grant94,
  title = {Stochastic eutectic growth},
  author = {Elder, K. R. and Drolet, F. and Kosterlitz, J. M. and Grant, M.},
  journal = {Phys. Rev. Lett.},
  volume = {72},
  issue = {5},
  pages = {677--680},
  numpages = {0},
  year = {1994},
  month = {Jan},
  publisher = {American Physical Society},
  doi = {10.1103/PhysRevLett.72.677},
  url = {https://link.aps.org/doi/10.1103/PhysRevLett.72.677}
}


@book{granasy_phasefieldnuc, title={Handbook of Theoretical and Computational Nanotechnology}, author={L. Granasy and T. Pusztai and T. Borzsonyi}, publisher="American Scientific Publishers", year={2006},volume=9,pages={525--572}}


@article{granasy_02,
  title = {Nucleation and Bulk Crystallization in Binary Phase Field Theory},
  author = {Granasy, L. and Borzsonyi, T. and Pusztai, T.},
  journal = {Phys. Rev. Lett.},
  volume = {88},
  issue = {20},
  pages = {206105},
  numpages = {4},
  year = {2002},
  month = {May},
  publisher = {American Physical Society},
  doi = {10.1103/PhysRevLett.88.206105},
  url = {https://link.aps.org/doi/10.1103/PhysRevLett.88.206105}
}


@article{jin03,
author = {Jin, L. and Claborn, K. A. and Kurimoto, M. and Geday, M. A. and Maezawa, I. and Sohraby, F. and Estrada, M. and Kaminksy, W. and Kahr, B.}, 
title = {Imaging linear birefringence and dichroism in cerebral amyloid pathologies},
volume = {100}, 
number = {26}, 
pages = {15294-15298}, 
year = {2003}, 
doi = {10.1073/pnas.2534647100}, 
URL = {http://www.pnas.org/content/100/26/15294.abstract}, 
eprint = {http://www.pnas.org/content/100/26/15294.full.pdf}, 
journal = {Proceedings of the National Academy of Sciences} 
}



@article{alder59,
author = {B. J. Alder and T. E. Wainwright},
title = {Studies in Molecular Dynamics. I. General Method},
journal = {The Journal of Chemical Physics},
volume = {31},
number = {2},
pages = {459-466},
year = {1959},
doi = {10.1063/1.1730376},
URL = { 
        http://dx.doi.org/10.1063/1.1730376
},
eprint = { 
        http://dx.doi.org/10.1063/1.1730376
}
}

@Article{humadi13,
author="Humadi, H.
and Ofori-Opoku, N.
and Provatas, N.
and Hoyt, J. J.",
title="Atomistic Modeling of Solidification Phenomena Using the Phase-Field-Crystal Model",
journal="JOM",
year="2013",
volume="65",
number="9",
pages="1103--1110",
issn="1543-1851",
doi="10.1007/s11837-013-0683-3",
url="http://dx.doi.org/10.1007/s11837-013-0683-3"
}

@article{greenwood10,
  title = {Free Energy Functionals for Efficient Phase Field Crystal Modeling of Structural Phase Transformations},
  author = {Greenwood, M. and Provatas, N. and Rottler, J.},
  journal = {Phys. Rev. Lett.},
  volume = {105},
  issue = {4},
  pages = {045702},
  numpages = {4},
  year = {2010},
  month = {Jul},
  publisher = {American Physical Society},
  doi = {10.1103/PhysRevLett.105.045702},
  url = {https://link.aps.org/doi/10.1103/PhysRevLett.105.045702}
}

@article{greenwood11,
  title = {Phase-field-crystal methodology for modeling of structural transformations},
  author = {Greenwood, M. and Rottler, J. and Provatas, N.},
  journal = {Phys. Rev. E},
  volume = {83},
  issue = {3},
  pages = {031601},
  numpages = {12},
  year = {2011},
  month = {Mar},
  publisher = {American Physical Society},
  doi = {10.1103/PhysRevE.83.031601},
  url = {https://link.aps.org/doi/10.1103/PhysRevE.83.031601}
}

@article{greenwood11_2,
  title = {Modeling structural transformations in binary alloys with phase field crystals},
  author = {Greenwood, M. and Ofori-Opoku, N. and Rottler, J. and Provatas, N.},
  journal = {Phys. Rev. B},
  volume = {84},
  issue = {6},
  pages = {064104},
  numpages = {10},
  year = {2011},
  month = {Aug},
  publisher = {American Physical Society},
  doi = {10.1103/PhysRevB.84.064104},
  url = {https://link.aps.org/doi/10.1103/PhysRevB.84.064104}
}

@Article{shibuta15,
author={Shibuta, Y.
and Oguchi, K.
and Takaki, T.
and Ohno, M.},
title={Homogeneous nucleation and microstructure evolution in million-atom molecular dynamics simulation},
journal={Scientific Reports},
year={2015},
month={Aug},
day={27},
volume={5},
pages={13534},
note={Article},
url={http://dx.doi.org/10.1038/srep13534}
}

@Article{david03,
author="David, S. A.
and Babu, S. S.
and Vitek, J. M.",
title="Welding: Solidification and microstructure",
journal="JOM",
year="2003",
volume="55",
number="6",
pages="14--20",
issn="1543-1851",
doi="10.1007/s11837-003-0134-7",
url="http://dx.doi.org/10.1007/s11837-003-0134-7"
}

@article{boettinger00,
title = "Solidification microstructures: recent developments, future directions ",
journal = "Acta Materialia ",
volume = "48",
number = "1",
pages = "43 - 70",
year = "2000",
note = "",
issn = "1359-6454",
doi = "https://doi.org/10.1016/S1359-6454(99)00287-6",
url = "http://www.sciencedirect.com/science/article/pii/S1359645499002876",
author = "W.J. Boettinger and S.R. Coriell and A.L. Greer and A. Karma and W. Kurz and M. Rappaz and R. Trivedi",
keywords = "Solidification",
keywords = "Microstructure",
keywords = "Theory and modeling (kinetics, transport, diffusion)",
keywords = "Casting "
}


  	
@article{toth10,
  author={G. I. Toth and G. Tegze and T. Pusztai and G. Toth and L. Granasy},
  title={Polymorphism, crystal nucleation and growth in the phase-field crystal model in 2D and 3D},
  journal={Journal of Physics: Condensed Matter},
  volume={22},
  number={36},
  pages={364101},
  url={http://stacks.iop.org/0953-8984/22/i=36/a=364101},
  year={2010}
}

@article{toth11,
author = { L. Granasy  and  G. Tegze  and  G. I. Toth  and  T. Pusztai },
title = {Phase-field crystal modelling of crystal nucleation, heteroepitaxy and patterning},
journal = {Philosophical Magazine},
volume = {91},
number = {1},
pages = {123-149},
year = {2011},
doi = {10.1080/14786435.2010.487476}
}

@article{plapp11,
author = { M. Plapp },
title = {Remarks on some open problems in phase-field modelling of solidification},
journal = {Philosophical Magazine},
volume = {91},
number = {1},
pages = {25-44},
year = {2011},
doi = {10.1080/14786435.2010.486757}
}

@article{singer06,
  title = {Analysis and visualization of multiply oriented lattice structures by a two-dimensional continuous wavelet transform},
  author = {Singer, H. M. and Singer, I.},
  journal = {Phys. Rev. E},
  volume = {74},
  issue = {3},
  pages = {031103},
  numpages = {6},
  year = {2006},
  month = {Sep},
  publisher = {American Physical Society},
  doi = {10.1103/PhysRevE.74.031103},
  url = {https://link.aps.org/doi/10.1103/PhysRevE.74.031103}
}


  	
@article{sear07,
  author={R P Sear},
  title={Nucleation: theory and applications to protein solutions and colloidal suspensions},
  journal={Journal of Physics: Condensed Matter},
  volume={19},
  number={3},
  pages={033101},
  url={http://stacks.iop.org/0953-8984/19/i=3/a=033101},
  year={2007}
}
	

@article{shi90,
  title = {Transient kinetics of nucleation},
  author = {Shi, G. and Seinfeld, J. H. and Okuyama, K.},
  journal = {Phys. Rev. A},
  volume = {41},
  issue = {4},
  pages = {2101--2108},
  numpages = {0},
  year = {1990},
  month = {Feb},
  publisher = {American Physical Society},
  doi = {10.1103/PhysRevA.41.2101},
  url = {https://link.aps.org/doi/10.1103/PhysRevA.41.2101}
}

@article{yoo87,
author = { H.   Trinkaus  and  M. H.   Yoo },
title = {Nucleation under time-dependent supersaturation},
journal = {Philosophical Magazine A},
volume = {55},
number = {3},
pages = {269-289},
year = {1987},
doi = {10.1080/01418618708209867}
}

@ARTICLE{turnbull49,
   author = {Turnbull, D. and Fisher, J. C.},
    title = "{Rate of Nucleation in Condensed Systems}",
  journal = {J. Chem. Phys.},
     year = 1949,
    month = jan,
   volume = 17,
    pages = {71-73},
      doi = {10.1063/1.1747055},
}



  	
@article{lutsko15,
  author={J. F. Lutsko and M. A. Duran-Olivencia},
  title={A two-parameter extension of classical nucleation theory},
  journal={Journal of Physics: Condensed Matter},
  volume={27},
  number={23},
  pages={235101},
  url={http://stacks.iop.org/0953-8984/27/i=23/a=235101},
  year={2015}
}
	
@article{legoues84,
  title={Influence of crystallography upon critical nucleus shapes and kinetics of homogeneous fcc-fcc nucleation-IV. Comparisons between theory and experiment in CuCo alloys},
  author={LeGoues, F. K. and Aaronson, H. I.},
  journal={Acta Metallurgica},
  volume={32},
  number={10},
  pages={1855--1864},
  year={1984},
  publisher={Elsevier}
}


@article{mason58,
 ISSN = {00804630},
 URL = {http://www.jstor.org/stable/100640},
 author = {E. J. Langham and B. J. Mason},
 journal = {Proceedings of the Royal Society of London. Series A, Mathematical and Physical Sciences},
 number = {1251},
 pages = {493-504},
 publisher = {The Royal Society},
 title = {The Heterogeneous and Homogeneous Nucleation of Supercooled Water},
 volume = {247},
 year = {1958}
}

@article{jeffery97,
  title={Homogeneous nucleation of supercooled water: Results from a new equation of state},
  author={Jeffery, C. A. and Austin, P. H.},
  journal={Journal of Geophysical Research},
  volume={102},
  pages={25--269},
  year={1997},
  publisher={AGU AMERICAN GEOPHYSICAL UNION}
}



@article{berry14,
  title = {Phase field crystal modeling as a unified atomistic approach to defect dynamics},
  author = {Berry, J. and Provatas, N. and Rottler, J. and Sinclair, C. W.},
  journal = {Phys. Rev. B},
  volume = {89},
  issue = {21},
  pages = {214117},
  numpages = {13},
  year = {2014},
  month = {Jun},
  publisher = {American Physical Society},
  doi = {10.1103/PhysRevB.89.214117},
  url = {https://link.aps.org/doi/10.1103/PhysRevB.89.214117}
}

@misc{provatas_coms,
  author = "Provatas, N. and Kocher, G. and Wang, N.",
  date = "2017",
  howpublished = "Personal communications"
}

@misc{provatas_coms2,
  author = "Provatas, N.",
  date = "2017",
  howpublished = "Personal communications relating to industrial research partner."
}


@article{elder10,
  title = {Amplitude expansion of the binary phase-field-crystal model},
  author = {Elder, K. R. and Huang, Z. F. and Provatas, N.},
  journal = {Phys. Rev. E},
  volume = {81},
  issue = {1},
  pages = {011602},
  numpages = {11},
  year = {2010},
  month = {Jan},
  publisher = {American Physical Society},
  doi = {10.1103/PhysRevE.81.011602},
  url = {https://link.aps.org/doi/10.1103/PhysRevE.81.011602}
}






@article{yeon10,
author = { D. H. Yeon  and  Z. F. Huang  and  K. R. Elder  and  K. Thornton },
title = {Density-amplitude formulation of the phase-field crystal model for two-phase coexistence in two and three dimensions},
journal = {Philosophical Magazine},
volume = {90},
number = {1-4},
pages = {237-263},
year = {2010},
doi = {10.1080/14786430903164572},

URL = { 
        http://dx.doi.org/10.1080/14786430903164572
    
},
eprint = { 
        http://dx.doi.org/10.1080/14786430903164572
    
}

}

@article{kurz01,
  title={Columnar to equiaxed transition in solidification processing},
  author={Kurz, W. and Bezencon, C. and Gaumann, M.},
  journal={Science and technology of advanced materials},
  volume={2},
  number={1},
  pages={185--191},
  year={2001},
  publisher={Elsevier}
}





